<record><leader>00000cas a22000007a 4500</leader><controlfield tag="001">19818399</controlfield><controlfield tag="008">890605d18911896moudn ne      0    0eng d</controlfield><datafield ind1=" " ind2=" " tag="010"><subfield code="a">sn 89066377 </subfield></datafield><datafield ind1=" " ind2=" " tag="040"><subfield code="a">MQN</subfield><subfield code="b">eng</subfield><subfield code="c">MQN</subfield><subfield code="d">OCLCQ</subfield></datafield><datafield ind1=" " ind2=" " tag="042"><subfield code="a">msc</subfield></datafield><datafield ind1="0" ind2="0" tag="245"><subfield code="a">Daily democrat-banner.</subfield></datafield><datafield ind1=" " ind2=" " tag="260"><subfield code="a">Fayette, Mo. :</subfield><subfield code="b">Wm. Hughes</subfield></datafield><datafield ind1=" " ind2=" " tag="300"><subfield code="a">v.</subfield></datafield><datafield ind1=" " ind2=" " tag="310"><subfield code="a">Daily (except Sun.)</subfield></datafield><datafield ind1="1" ind2=" " tag="362"><subfield code="a">Began in 1891? Ceased in 1896?</subfield></datafield><datafield ind1=" " ind2=" " tag="580"><subfield code="a">Weekly ed. also published: Democrat-banner.</subfield></datafield><datafield ind1=" " ind2=" " tag="588"><subfield code="a">Description based on: Vol. 3, no. 97 (June 26, 1893).</subfield></datafield><datafield ind1=" " ind2=" " tag="752"><subfield code="a">United States</subfield><subfield code="b">Missouri</subfield><subfield code="c">Howard</subfield><subfield code="d">Fayette.</subfield></datafield><datafield ind1="1" ind2=" " tag="775"><subfield code="t">Democrat-banner</subfield><subfield code="w">(DLC)sn 89066375</subfield></datafield></record>